<?xml version="1.0" encoding="UTF-8"?><collection xmlns="http://www.loc.gov/MARC21/slim"><record><leader>00313nam--2200121-i-4500</leader><controlfield tag="001">000031527</controlfield><controlfield tag="002">20161230</controlfield><controlfield tag="005">20161230201038</controlfield><controlfield tag="008">060222s1000------------r-----000-0-eng-d</controlfield><datafield ind1=" " ind2=" " tag="100"><subfield code="a">Matov, V.I.S.A</subfield></datafield><datafield ind1=" " ind2=" " tag="245"><subfield code="a">Calculator cifric universal. trad.din l.rusa</subfield></datafield><datafield ind1=" " ind2=" " tag="260"><subfield code="a">Bucuresti, Ed.Tehnica, 1965, 163p</subfield></datafield><datafield ind1=" " ind2=" " tag="852"><subfield code="a">20813</subfield></datafield></record></collection>